%YAML 1.1
%TAG !u! tag:unity3d.com,2011:
--- !u!1001 &100100000
Prefab:
  serializedVersion: 2
  m_ObjectHideFlags: 1
  m_Modification:
    m_TransformParent: {fileID: 0}
    m_Modifications: []
    m_RemovedComponents: []
  m_ParentPrefab: {fileID: 0}
  m_RootGameObject: {fileID: 1964382721235014}
  m_IsPrefabParent: 1
--- !u!1 &1964382721235014
GameObject:
  serializedVersion: 5
  m_ObjectHideFlags: 0
  m_PrefabParentObject: {fileID: 0}
  m_PrefabInternal: {fileID: 100100000}
  m_Component:
  - component: {fileID: 4948732220803166}
  - component: {fileID: 222054949920944989}
  - component: {fileID: 114771179479599382}
  - component: {fileID: 114410493052068958}
  - component: {fileID: 114258445211890589}
  m_Layer: 19
  m_Name: CaptureManager
  m_TagString: Untagged
  m_Icon: {fileID: 0}
  m_NavMeshLayer: 0
  m_StaticEditorFlags: 0
  m_IsActive: 1
--- !u!4 &4948732220803166
Transform:
  m_ObjectHideFlags: 0
  m_PrefabParentObject: {fileID: 0}
  m_PrefabInternal: {fileID: 100100000}
  m_GameObject: {fileID: 1964382721235014}
  m_LocalRotation: {x: 0, y: 0, z: 0, w: 1}
  m_LocalPosition: {x: 0, y: 0, z: 0}
  m_LocalScale: {x: 1, y: 1, z: 1}
  m_Children: []
  m_Father: {fileID: 0}
  m_RootOrder: 0
  m_LocalEulerAnglesHint: {x: 0, y: -0, z: -0}
--- !u!222 &222054949920944989
CanvasRenderer:
  m_ObjectHideFlags: 0
  m_PrefabParentObject: {fileID: 0}
  m_PrefabInternal: {fileID: 100100000}
  m_GameObject: {fileID: 1964382721235014}
--- !u!114 &114771179479599382
MonoBehaviour:
  m_ObjectHideFlags: 0
  m_PrefabParentObject: {fileID: 0}
  m_PrefabInternal: {fileID: 100100000}
  m_GameObject: {fileID: 1964382721235014}
  m_Enabled: 1
  m_EditorHideFlags: 0
  m_Script: {fileID: 11500000, guid: 647ff2e8b4f89674ac08a0df48dba870, type: 3}
  m_Name:
  m_EditorClassIdentifier:
  captureController: {fileID: 114258445211890589}
  uiPopupCapture: {fileID: 0}
  captureWindowPrefab: {fileID: 1333448960460215, guid: 14003ee2510182b44b1583f5f861f15c, type: 2}
  gameboardActivationInProgress: 0
  shouldProcess: 0
  displayTexture: {fileID: 0}
  displayColors: []
--- !u!114 &114410493052068958
MonoBehaviour:
  m_ObjectHideFlags: 0
  m_PrefabParentObject: {fileID: 0}
  m_PrefabInternal: {fileID: 100100000}
  m_GameObject: {fileID: 1964382721235014}
  m_Enabled: 1
  m_EditorHideFlags: 0
  m_Script: {fileID: 11500000, guid: 9d4e285c8110ad7d0b6374d98a13416d, type: 3}
  m_Name:
  m_EditorClassIdentifier:
  webcamTexture: {fileID: 0}
  currentCamera: 0
--- !u!114 &114258445211890589
MonoBehaviour:
  m_ObjectHideFlags: 0
  m_PrefabParentObject: {fileID: 0}
  m_PrefabInternal: {fileID: 100100000}
  m_GameObject: {fileID: 1964382721235014}
  m_Enabled: 1
  m_EditorHideFlags: 0
  m_Script: {fileID: 11500000, guid: b38d5ac604f2916abf93b299eb71f3e4, type: 3}
  m_Name:
  m_EditorClassIdentifier:
  deviceCamera: {fileID: 114410493052068958}
  cctNotchOffset: 0
  cctIncreaseLimitReached: 0
  cctDecreaseLimitReached: 0
  currentWhiteThresh: 42
  numBlocksToClassifyPerFrame: 4
